@inbook{Golbeck2013,
  title = {Network Structure and Measures},
  url = {http://dx.doi.org/10.1016/B978-0-12-405531-5.00003-1},
  DOI = {10.1016/b978-0-12-405531-5.00003-1},
  booktitle = {Analyzing the Social Web},
  publisher = {Elsevier},
  author = {Golbeck,  Jennifer},
  year = {2013},
  pages = {25–44}
}

@book{Golyandina2020,
  title = {Singular Spectrum Analysis for Time Series},
  ISBN = {9783662624364},
  ISSN = {2191-5458},
  url = {http://dx.doi.org/10.1007/978-3-662-62436-4},
  DOI = {10.1007/978-3-662-62436-4},
  journal = {SpringerBriefs in Statistics},
  publisher = {Springer Berlin Heidelberg},
  author = {Golyandina,  Nina and Zhigljavsky,  Anatoly},
  year = {2020}
}

@book{Golyandina2018,
  title = {Singular Spectrum Analysis with R},
  ISBN = {9783662573808},
  ISSN = {2197-5744},
  url = {http://dx.doi.org/10.1007/978-3-662-57380-8},
  DOI = {10.1007/978-3-662-57380-8},
  journal = {Use R!},
  publisher = {Springer Berlin Heidelberg},
  author = {Golyandina,  Nina and Korobeynikov,  Anton and Zhigljavsky,  Anatoly},
  year = {2018}
}

@article{Sirois2016,
  title = {Monitoring polypharmacy at the population level entails complex decisions: results of a survey of experts in geriatrics and pharmacotherapy},
  volume = {32},
  ISSN = {1179-1977},
  url = {http://dx.doi.org/10.1007/s40267-016-0299-0},
  DOI = {10.1007/s40267-016-0299-0},
  number = {6},
  journal = {Drugs \& Therapy Perspectives},
  publisher = {Springer Science and Business Media LLC},
  author = {Sirois,  Caroline and Tannenbaum,  Cara and Gagnon,  Marie-Eve and Milhomme,  Daniel and Émond,  Valérie},
  year = {2016},
  month = apr,
  pages = {257–264}
}

@article{Molokhia2017,
  title = {Current and future perspectives on the management of polypharmacy},
  volume = {18},
  ISSN = {1471-2296},
  url = {http://dx.doi.org/10.1186/s12875-017-0642-0},
  DOI = {10.1186/s12875-017-0642-0},
  number = {1},
  journal = {BMC Family Practice},
  publisher = {Springer Science and Business Media LLC},
  author = {Molokhia,  Mariam and Majeed,  Azeem},
  year = {2017},
  month = jun 
}

@article{Shrivastava2013,
  title={Polypharmacy in psychiatry: a review},
  author={Kukreja, Sanjay and Kalra, Gurvinder and Shah, Nilesh and Shrivastava, Amresh},
  journal={Mens sana monographs},
  volume={11},
  number={1},
  pages={82},
  year={2013},
  publisher={Wolters Kluwer--Medknow Publications}
}

@article{Kessler2009,
  title = {The global burden of mental disorders: An update from the WHO World Mental Health (WMH) Surveys},
  volume = {18},
  ISSN = {2038-1816},
  url = {http://dx.doi.org/10.1017/S1121189X00001421},
  DOI = {10.1017/s1121189x00001421},
  number = {1},
  journal = {Epidemiologia e Psichiatria Sociale},
  publisher = {Cambridge University Press (CUP)},
  author = {Kessler,  Ronald C. and Aguilar-Gaxiola,  Sergio and Alonso,  Jordi and Chatterji,  Somnath and Lee,  Sing and Ormel,  Johan and \"{U}st\"{u}n,  T. Bedirhan and Wang,  Philip S.},
  year = {2009},
  month = mar,
  pages = {23–33}
}

@article{Steel2014,
  title = {The global prevalence of common mental disorders: a systematic review and meta-analysis 1980–2013},
  volume = {43},
  ISSN = {0300-5771},
  url = {http://dx.doi.org/10.1093/ije/dyu038},
  DOI = {10.1093/ije/dyu038},
  number = {2},
  journal = {International Journal of Epidemiology},
  publisher = {Oxford University Press (OUP)},
  author = {Steel,  Zachary and Marnane,  Claire and Iranpour,  Changiz and Chey,  Tien and Jackson,  John W and Patel,  Vikram and Silove,  Derrick},
  year = {2014},
  month = mar,
  pages = {476–493}
}

@article{Richter2019,
  title = {Is the global prevalence rate of adult mental illness increasing? Systematic review and meta‐analysis},
  volume = {140},
  ISSN = {1600-0447},
  url = {http://dx.doi.org/10.1111/acps.13083},
  DOI = {10.1111/acps.13083},
  number = {5},
  journal = {Acta Psychiatrica Scandinavica},
  publisher = {Wiley},
  author = {Richter,  D. and Wall,  A. and Bruen,  A. and Whittington,  R.},
  year = {2019},
  month = sep,
  pages = {393–407}
}

@article{Halli2019,
  title={Polypharmacy: evaluating risks and deprescribing},
  author={Halli-Tierney, Anne D and Scarbrough, Catherine and Carroll, Dana},
  journal={American family physician},
  volume={100},
  number={1},
  pages={32--38},
  year={2019}
}

@article{Menditto2019,
  title = {Patterns of multimorbidity and polypharmacy in young and adult population: Systematic associations among chronic diseases and drugs using factor analysis},
  volume = {14},
  ISSN = {1932-6203},
  url = {http://dx.doi.org/10.1371/journal.pone.0210701},
  DOI = {10.1371/journal.pone.0210701},
  number = {2},
  journal = {PLOS ONE},
  publisher = {Public Library of Science (PLoS)},
  author = {Menditto,  Enrica and Gimeno Miguel,  Antonio and Moreno Juste,  Aida and Poblador Plou,  Beatriz and Aza Pascual-Salcedo,  Mercedes and Orlando,  Valentina and González Rubio,  Francisca and Prados Torres,  Alexandra},
  editor = {Medina,  Miguel Angel},
  year = {2019},
  month = feb,
  pages = {e0210701}
}

@article{Stassen2021,
  title = {Detailing the effects of polypharmacy in psychiatry: longitudinal study of 320 patients hospitalized for depression or schizophrenia},
  volume = {272},
  ISSN = {1433-8491},
  url = {http://dx.doi.org/10.1007/s00406-021-01358-5},
  DOI = {10.1007/s00406-021-01358-5},
  number = {4},
  journal = {European Archives of Psychiatry and Clinical Neuroscience},
  publisher = {Springer Science and Business Media LLC},
  author = {Stassen,  H. H. and Bachmann,  S. and Bridler,  R. and Cattapan,  K. and Herzig,  D. and Schneeberger,  A. and Seifritz,  E.},
  year = {2021},
  month = nov,
  pages = {603–619}
}

@article{Delara2022,
  title = {Prevalence and factors associated with polypharmacy: a systematic review and meta-analysis},
  volume = {22},
  ISSN = {1471-2318},
  url = {http://dx.doi.org/10.1186/s12877-022-03279-x},
  DOI = {10.1186/s12877-022-03279-x},
  number = {1},
  journal = {BMC Geriatrics},
  publisher = {Springer Science and Business Media LLC},
  author = {Delara,  Mahin and Murray,  Lauren and Jafari,  Behnaz and Bahji,  Anees and Goodarzi,  Zahra and Kirkham,  Julia and Chowdhury,  Mohammad and Seitz,  Dallas P.},
  year = {2022},
  month = jul 
}

@article{Cavallo2012,
  title = {Network analysis of drug prescriptions},
  volume = {22},
  ISSN = {1099-1557},
  url = {http://dx.doi.org/10.1002/pds.3384},
  DOI = {10.1002/pds.3384},
  number = {2},
  journal = {Pharmacoepidemiology and Drug Safety},
  publisher = {Wiley},
  author = {Cavallo,  Pierpaolo and Pagano,  Sergio and Boccia,  Giovanni and De Caro,  Francesco and De Santis,  Mario and Capunzo,  Mario},
  year = {2012},
  month = nov,
  pages = {130–137}
}

@article{Bazzoni2015,
  title = {The Drug Prescription Network: A System-Level View of Drug Co-Prescription in Community-Dwelling Elderly People},
  volume = {18},
  ISSN = {1557-8577},
  url = {http://dx.doi.org/10.1089/rej.2014.1628},
  DOI = {10.1089/rej.2014.1628},
  number = {2},
  journal = {Rejuvenation Research},
  publisher = {Mary Ann Liebert Inc},
  author = {Bazzoni,  Gianfranco and Marengoni,  Alessandra and Tettamanti,  Mauro and Franchi,  Carlotta and Pasina,  Luca and Djade,  Codjo Djignefa and Fortino,  Ida and Bortolotti,  Angela and Merlino,  Luca and Nobili,  Alessandro},
  year = {2015},
  month = apr,
  pages = {153–161}
}

@article{Visser2013,
  title = {The population-based prescription database IADB.nl: its development,  usefulness in outcomes research and challenges},
  volume = {13},
  ISSN = {1744-8379},
  url = {http://dx.doi.org/10.1586/erp.13.20},
  DOI = {10.1586/erp.13.20},
  number = {3},
  journal = {Expert Review of Pharmacoeconomics \& Outcomes Research},
  publisher = {Informa UK Limited},
  author = {Visser,  Sipke T and Schuiling-Veninga,  Catharina CM and Bos,  Jens HJ and de Jong-van den Berg,  Lolkje TW and Postma,  Maarten J},
  year = {2013},
  month = jun,
  pages = {285–292}
}

@article{Askar2021,
  title = {An introduction to network analysis for studies of medication use},
  volume = {17},
  ISSN = {1551-7411},
  url = {http://dx.doi.org/10.1016/j.sapharm.2021.06.021},
  DOI = {10.1016/j.sapharm.2021.06.021},
  number = {12},
  journal = {Research in Social and Administrative Pharmacy},
  publisher = {Elsevier BV},
  author = {Askar,  Mohsen and Cañadas,  Raphael Nozal and Svendsen,  Kristian},
  year = {2021},
  month = dec,
  pages = {2054–2061}
}

@article{Luke2007,
  title = {Network Analysis in Public Health: History,  Methods,  and Applications},
  volume = {28},
  ISSN = {1545-2093},
  url = {http://dx.doi.org/10.1146/annurev.publhealth.28.021406.144132},
  DOI = {10.1146/annurev.publhealth.28.021406.144132},
  number = {1},
  journal = {Annual Review of Public Health},
  publisher = {Annual Reviews},
  author = {Luke,  Douglas A. and Harris,  Jenine K.},
  year = {2007},
  month = apr,
  pages = {69–93}
}

@article{Miglio2021,
  title = {A Network Approach for the Study of Drug Prescriptions: Analysis of Administrative Records from a Local Health Unit (ASL TO4,  Regione Piemonte,  Italy)},
  volume = {18},
  ISSN = {1660-4601},
  url = {http://dx.doi.org/10.3390/ijerph18094859},
  DOI = {10.3390/ijerph18094859},
  number = {9},
  journal = {International Journal of Environmental Research and Public Health},
  publisher = {MDPI AG},
  author = {Miglio,  Gianluca and Basso,  Lara and Armando,  Lucrezia G. and Traina,  Sara and Benetti,  Elisa and Diarassouba,  Abdoulaye and Baroetto Parisi,  Raffaella and Esiliato,  Mariangela and Rolando,  Cristina and Remani,  Elisa and Cena,  Clara},
  year = {2021},
  month = may,
  pages = {4859}
}

@book{estrada2012structure,
  title={The structure of complex networks: theory and applications},
  author={Estrada, Ernesto},
  year={2012},
  publisher={American Chemical Society}
}

@article{de2004polypharmacy,
  title={Polypharmacy in psychiatric practice in the Canary Islands},
  author={De las Cuevas, Carlos and Sanz, Emilio J},
  journal={BMC psychiatry},
  volume={4},
  pages={1--8},
  year={2004},
  publisher={Springer}
}

@article{qi2024longitudinal,
  title={Longitudinal relationships among number of chronic diseases, depression, and anxiety: A cross-lagged model analyses},
  author={Qi, Yazhuo and Wei, Zhen and Wang, Meiqi and Wang, Wenyu and Sun, Long},
  journal={Journal of Psychosomatic Research},
  volume={187},
  pages={111930},
  year={2024},
  publisher={Elsevier}
}

@article{jang2024temporal,
  title={Temporal and bidirectional association of depression and physical illnesses: Analyzing the pooled data from independently conducted cross-sectional national surveys at three distinct time points},
  author={Jang, Saeheon},
  journal={Journal of Psychosomatic Research},
  volume={179},
  pages={111614},
  year={2024},
  publisher={Elsevier}
}

@article{lebel2020health,
  title={Health anxiety and illness-related fears across diverse chronic illnesses: A systematic review on conceptualization, measurement, prevalence, course, and correlates},
  author={Lebel, Sophie and Mutsaers, Brittany and Tomei, Christina and Leclair, Caroline Seguin and Jones, Georden and Petricone-Westwood, Danielle and Rutkowski, Nicole and Ta, Viviane and Trudel, Genevieve and Laflamme, Simone Zofia and others},
  journal={Plos one},
  volume={15},
  number={7},
  pages={e0234124},
  year={2020},
  publisher={Public Library of Science San Francisco, CA USA}
}

@inbook{nizamie2015rational,
  title = {Rational Polypharmacy in Psychiatry},
  ISBN = {9789535117353},
  url = {http://dx.doi.org/10.5772/59004},
  DOI = {10.5772/59004},
  booktitle = {Evidence-based Strategies in Herbal Medicine,  Psychiatric Disorders and Emergency Medicine},
  publisher = {Intech},
  author = {Nizamie,  S. Haque and Tikka,  Sai Krishna},
  year = {2015},
  month = feb 
}

@manual{NHG2019Anxiety,
  title        = {NHG-Standaard Angst},
  author       = {{Dutch College of General Practitioners}},
  year         = {2019},
  url          = {https://richtlijnen.nhg.org/standaarden/angst},
  organization = {Nederlands Huisartsen Genootschap},
  note         = {Accessed: 2025-05-07}
}

@manual{NHG2023Depression,
  title        = {NHG-Standaard Depressie},
  author       = {{Dutch College of General Practitioners}},
  year         = {2023},
  url          = {https://richtlijnen.nhg.org/standaarden/depressie},
  organization = {Nederlands Huisartsen Genootschap},
  note         = {Accessed: 2025-05-07}
}
